@misc{misc,
	author = {Example author},
	title = {Example title},
	howpublished = "\url{example url}",
	year = {2000}, 
	note = "[Last access: example note]"
}

@inproceedings{inproceedings,
  title={Example title},
  author={Example author},
  booktitle={Example book title},
  pages={42-73},
  year={2000}
}

@article{article,
  title={Example title},
  author={Example author},
  journal={Example journal},
  volume={1},
  year={2000}
}

@book{book,
  title={Example title},
  author={Example author},
  year={2000},
  publisher={Example publisher}
}
